@misc{Weinstein_2024, 
    title={What Is Extended Reality?}, 
    url={https://blogs.nvidia.com/blog/what-is-extended-reality/},
    journal={Nvidia},
    author={Weinstein, David},
    year={2024},
    month={Diciembre}
    }

@misc{IxDF_2024,
    tittle={What are VR Headsets?},
    url={https://www.interaction-design.org/literature/topics/vr-headsets},
        author={Interaction Design Foundation - IxDF},
    year={2024},
    month={Enero}
    }

@misc{IDC_2025,
    title={AR \& VR Headsets Market Insights},
    url={https://www.idc.com/promo/arvr},
    author={International Data Corporation},
    year={2025},
    month={Abril},
    }

@misc{MWL_2025,
    title={IDC Gloomy on AR/VR Device Shipments},
    url={https://www.mobileworldlive.com/devices/idc-gloomy-on-ar-vr-device-shipments/},
    author={Mobile World Live},
    year={2025},
    month={Abril},
    }

@misc{TBRC_2025,
    title={Extended Reality Global Market Report 2025},
    url={https://www.thebusinessresearchcompany.com/report/extended-reality-global-market-report},
    author={The Business Research Company},
    year={2025},
    month={Enero},
    }

@misc{PrecedenceResearch_XR_2025,
    title={Extended Reality Market Size to Hit USD 3261.32 Bn by 2034},
    url={https://www.precedenceresearch.com/extended-reality-market},
    author={Precedence Research},
    year={2025},
    month={Enero},
    }

@misc{HQSoftware_VR_Trends_2025,
    title={Virtual Reality Trends of 2025: Future of VR Technology},
    url={https://hqsoftwarelab.com/blog/virtual-reality-trends/},  
    author={HQSoftware},
    year={2025},
    mont={Abril},
    }